@book{robert2015,
	author = "Robert and Elliot and Dale",
	year = "2015",
	title = "Probability and Statistical Inference",
	edition = "9th",
	chapter = "7. Interval Estimation",
	publisher = "Pearson",
	url = "http://www.nylxs.com/docs/thesis/sources/Probability%20and%20Statistical%20Inference%209ed%20%5B2015%5D.pdf"
},
@article{dasgupta2001,
	author = "Lawrence D. Brown and  T. Tony Cai and Anirban DasGupta",
	title = "Interval Estimation for a Binomial Proportion",
	year = "2001",
	volume = "16",
	url = "https://projecteuclid.org/euclid.ss/1009213286"
}
