@book{robert2015,
	author = "Robert and Elliot and Dale",
	year = "2015",
	title = "Probability and Statistical Inference",
	edition = "9th",
	chapter = "7. Interval Estimation",
	publisher = "Pearson",
	url = "http://www.nylxs.com/docs/thesis/sources/Probability%20and%20Statistical%20Inference%209ed%20%5B2015%5D.pdf"
}