@book{robert2015,
	author = "Robert and Elliot and Dale",
	year = "2015",
	title = "Probability and Statistical Inference",
	edition = "9th",
	chapter = "6. Point Estimation",
	publisher = "Pearson",
	url = "http://www.nylxs.com/docs/thesis/sources/Probability%20and%20Statistical%20Inference%209ed%20%5B2015%5D.pdf"
},
@book{devore2011,
	author = "Jay Devore",
	year = "2011",
	title = "Probability and Statistics for Engineering and the Sciences",
	edition = "8th",
	chapter = "12. Simple Linear Regression and Correlation",
	publisher = "Brooks/Cole CENGAGE Learning",
	url = "https://fac.ksu.edu.sa/sites/default/files/probability_and_statistics_for_engineering_and_the_sciences.pdf"
},
@article{jimfrost2017,
	author = "Jim Frost",
	title = "Heteroscedasticity in Regression Analysis",
	year = "2017",
	url = "http://statisticsbyjim.com/regression/heteroscedasticity-regression/"
},
@article{yuli2012,
	author = "Yuli Zhang and Lei Cheng and Huaiyu Wu",
	title = "Some New Deformation Formulas about Variance and Covariance",
	year = "2012",
	url = "https://www.researchgate.net/profile/Yuli_Zhang/publication/261496020_Some_new_deformation_formulas_about_variance_and_covariance/links/54eda4c80cf25da9f7f1274e/Some-new-deformation-formulas-about-variance-and-covariance.pdf"
},
@article{charles2013,
	author = "Charles Zaiontz",
	title = "Basic Concepts of Correlation",
	year = "2013",
	url = "http://www.real-statistics.com/correlation/basic-concepts-correlation/"
}

