@book{robert2015,
	author = "Robert and Elliot and Dale",
	year = "2015",
	title = "Probability and Statistical Inference",
	edition = "9th",
	chapter = "6. Point Estimation",
	publisher = "Pearson",
	url = "http://www.nylxs.com/docs/thesis/sources/Probability%20and%20Statistical%20Inference%209ed%20%5B2015%5D.pdf"
},
@book{devore2011,
	author = "Jay Devore",
	year = "2011",
	title = "Probability and Statistics for Engineering and the Sciences",
	edition = "8th",
	chapter = "12. Simple Linear Regression and Correlation",
	publisher = "Brooks/Cole CENGAGE Learning",
	url = "https://fac.ksu.edu.sa/sites/default/files/probability_and_statistics_for_engineering_and_the_sciences.pdf"
},
@article{jimfrost2017,
	author = "Jim Frost",
	title = "Heteroscedasticity in Regression Analysis",
	year = "2017",
	url = "http://statisticsbyjim.com/regression/heteroscedasticity-regression/"
}
